2866 4302
862 349 952 399 m·
972 353 1694 402 CATILINAM—ORATIO
1726 354 1799 403 11.
2292 337 2379 404 27

929 524 1218 578 munz
1279 525 1751 576 RESPONDE-

370 663 555 722 VIII.
648 660 700 720 1·.
750 661 880 721 Cur
919 663 1138 722 Cicero
1167 663 1507 722 Catilinam
1534 674 1663 722 non
1690 661 1913 720 timet?
1999 660 2052 721 2.
2102 662 2274 734 Quid
2302 664 2382 722 de

279 763 378 821 eis
399 761 511 841 qui
539 763 778 822 Romae
807 763 1134 821 remanent
1161 763 1370 821 faeere
1397 762 1655 821 studet?
1754 759 1809 820 3.
1858 761 2140 833 Quorum
2184 781 2381 838 unum

278 881 491 941 genus
534 863 672 920 est?
765 859 821 920 4.
887 861 1216 933 Quomodo
1257 862 1513 920 tabulae
1554 880 1753 920 novae
1795 861 2235 938 proferentur?
2322 862 2374 922 5.

279 961 419 1020 Cur
448 961 668 1020 Cicero
696 959 884 1020 hosce
912 955 1198 1020 homiues
1228 961 1486 1020 minime
1507 964 1690 1037 putat
1722 961 2297 1038 pertimescendos?

367 1059 480 1119 IX.
573 1057 624 1119 1.
661 1059 943 1131 Quorum
961 1061 1230 1119 alterum
1251 1079 1455 1138 genus
1479 1063 1616 1119 est?
1680 1058 1733 1118 2.
1770 1059 1941 1131 Quid
1959 1059 2048 1118 eis
2071 1061 2375 1138 praeeipi-

277 1160 521 1218 endum
561 1158 851 1218 videtur?
937 1157 992 1217 3.
1042 1157 1214 1237 Quid
1251 1160 1471 1219 Cicero
1501 1159 1651 1218 deos
1690 1160 2052 1218 inmortales
2101 1161 2379 1219 facturos

277 1259 481 1318 dicit?
564 1258 620 1318 4.
670 1258 842 1331 Quid
880 1258 1098 1318 Cicero
1129 1259 1389 1318 tertium
1427 1277 1631 1333 genus
1672 1261 1925 1318 monet?
2012 1257 2063 1318 5.
2127 1259 2380 1331 Quare?

367 1358 443 1417 X.
537 1357 591 1417 1.
638 1358 966 1430 Quomodo
988 1359 1359 1418 infitiatores
1381 1357 1593 1437 quarti
1615 1358 1866 1436 generis
1887 1359 1955 1416 in
1978 1378 2081 1418 aes
2104 1359 2380 1418 alienum

277 1458 682 1517 inciderunt?
779 1456 833 1516 2.
899 1457 1186 1529 Quorum
1242 1457 1539 1536 quintum
1596 1476 1799 1536 genus
1858 1460 1997 1517 est?
2082 1455 2138 1516 3..
2204 1457 2377 1529 Quid

277 1557 503 1617 Cicero
548 1559 627 1617 de
670 1558 761 1617 eis
805 1557 1000 1616 dicit?
1085 1555 1140 1616 4.
1211 1557 1337 1629 Qui
1379 1557 1447 1616 in
1497 1557 1835 1634 postremis
1887 1557 2190 1636 gregibus
2241 1578 2374 1617 ver-

276 1659 546 1717 santur?
631 1655 686 1716 5.
736 1655 908 1728 Quid
934 1657 1116 1734 pueri
1144 1656 1342 1735 lepidi
1373 1675 1445 1716 ac
1474 1657 1728 1716 delicati
1758 1656 2152 1716 didicerunt?
