2866 4302
959 316 1034 364 IN
1056 285 1791 365 'CATILINAM—omno
1825 317 1913 366 1v.
2396 297 2488 364 45

387 490 569 550 those
593 491 804 552 whose
843 490 1080 566 letters,
1111 491 1292 566 seals‚
1322 490 1752 572 handwriting
1780 491 1907 554 and
1944 491 2333 553 confessions
2361 511 2491 570 you

389 589 560 650 hold.
1962 588 1965 593 '

471 689 598 750 ΙΙΙ.
684 688 1014 770 Although
1056 709 1184 770 you
1230 690 1390 751 have
1419 691 1675 769 already
1705 691 1970 752 decreed
2010 691 2150 751 that
2177 690 2493 752 Lentulus

389 791 517 850 and
541 790 653 851 the
680 790 892 850 others
920 771 1269 852 concerned
1306 791 1375 851 in
1420 790 1551 850 this
1580 791 1948 870 conspiracy
1975 793 2147 850 must
2193 791 2274 851 be
2302 791 2494 871 given

390 889 523 950 into
561 891 845 969 custody,
879 892 915 951 I
943 891 1102 950 wish
1129 895 1196 951 to
1224 892 1392 951 refer
1418 893 1529 951 the
1558 893 1760 952 whole
1804 894 2038 951 matter·
2063 893 2129 952 to
2156 908 2286 969 you
2314 908 2492 951 anew

391 989 456 1048 in
483 991 670 1049 order
714 991 857 1050 that
904 1010 1032 1069 you
1060 1011 1206 1066 may
1234 991 1583 1051 determine
1631 992 1849 1052 before
1877 990 2066 1070 night
2109 991 2494 1068 concerning

393 1084 537 1168 [its]
565 1089 990 1167 punishment.
1080 1093 1180 1151 Do
1208 1092 1321 1151 not
1347 1091 1535 1151 think
1560 1090 1702 1151 that
1727 1091 1857 1151 this
1886 1091 2009 1150 evil
2038 1075 2154 1151 has
2181 1093 2293 1151 not
2324 1092 2485 1150 been

389 1190 621 1267 spread
646 1191 899 1251 abroad.
987 1192 1053 1251 It
1081 1193 1196 1251 has
1225 1190 1504 1251 diffused
1526 1191 1698 1260 itself
1726 1210 1897 1251 more
1926 1190 2154 1269 widely
2181 1190 2342 1251 than
2379 1189 2495 1250 the

390 1289 646 1369 general
699 1290 912 1364 belief,
957 1293 1068 1350 not
1137 1291 1288 1369 only
1336 1291 1616 1370 through
1659 1290 1848 1370 Italy,
1906 1291 2024 1349 but
2093 1289 2229 1350 into
2298 1308 2493 1369 many

390 1407 734 1468 provinces.

1028 1535 1318 1587 kemut
1385 1535 1859 1588 RESPONDE-

470 1671 525 1731 Ι.
614 1669 668 1732 1.
715 1672 815 1732 De
852 1692 983 1752 qua
1041 1693 1110 1734 re
1163 1675 1380 1751 patres
1427 1672 1768 1752 conscripti
1825 1670 2080 1733 solliciti
2123 1671 2356 1731 erant?
2451 1666 2490 1728 2

393 1773 570 1844 Quae
623 1791 726 1832 res
779 1771 848 1832 in
889 1772 1073 1833 malis
1123 1772 1412 1833 Ciceroni
1458 1773 1735 1834 iucunda
1789 1773 1956 1832 fuit?
2056 1767 2110 1831 3.
2160 1769 2335 1844 Quid
2376 1787 2496 1829 suo

391 1871 666 1952 quodam
695 1872 909 1933 dolore
938 1873 1091 1933 fecit
1106 1875 1134 1932 1³
1214 1871 1272 1934 4.
1321 1874 1453 1934 Gur
1491 1874 1765 1934 laetatus
1793 1874 1932 1933 est?

471 1971 560 2032 Π.
651 1971 704 2031 1.
753 1972 926 2044 Quid
967 1972 1188 2033 Cicero
1221 1993 1290 2032 se
1318 1993 1574 2052 sperare
1604 1974 1832 2033 debere
1861 1970 2057 2031 dicit?
2140 1967 2196 2030 2.
2247 1967 2495 2042 Quibus

391 2071 578 2131 rebus
634 2075 921 2132 movetur
935 2074 963 2131 P
1074 2071 1128 2132 3.
1195 2073 1321 2146 Qui
1382 2074 1453 2133 in
1519 2074 1745 2155 populi
1807 2070 2078 2133 Romani
2140 2068 2495 2132 severitatis

390 2172 694 2233 iudicium
721 2175 1125 2235 adducuntur
1138 2176 1167 2234 Y

472 2273 600 2332 HL
692 2272 745 2334 1.
793 2275 926 2335 Cur
981 2276 1240 2335 senatus
1296 2273 1586 2335 Ciceroni
1642 2272 1883 2354 gratias
1914 2270 2118 2353 egit?
2218 2268 2273 2330 2.
2322 2269 2496 2344 Quid

391 2371 666 2432 decrevit
680 2376 708 2433 P
792 2373 965 2446 Quid
991 2374 1197 2454 coegit
1212 2377 1239 2433 ἲ
1322 2373 1497 2447 Quid
1523 2373 1811 2435 censuit?
1880 2369 1938 2433 3.
1984 2373 2193 2445 Quam
2218 2370 2347 2431 late
2374 2369 2495 2431 hoc

391 2472 628 2533 malum
656 2471 1136 2535 disseminatum
1163 2476 1262 2534 est
1275 2474 1304 2534 1³
1608 2466 1615 2475 ’
