2866 4302
412 337 502 402 42
1231 353 1306 402 m
1350 353 1681 402 LATINUM.

410 547 527 590 me.
615 527 762 588 And
787 531 896 607 yet
921 529 1104 588 those
1135 527 1274 588 who
1300 527 1463 588 have
1490 530 1653 589 been
1680 529 2043 608 conquered
2063 529 2191 589 and
2218 530 2515 590 subdued

411 631 496 709 by
524 647 626 690 me
653 631 884 688 cannot
909 629 1116 706 injure
1143 648 1260 688 me.
1348 629 1479 688 For
1506 629 1617 690 the
1642 629 1997 708 protection
2022 629 2164 689 that
2189 629 2247 688 is
2278 649 2513 709 among·

411 729 582 812 good
623 729 884 788 citizens
912 729 1040 788 and
1083 729 1194 788 the
1221 728 1473 808 dignity
1500 727 1641 789 that
1678 727 1733 788 is
1777 728 1847 788 in
1872 729 1985 790 the
2032 729 2319 808 republic
2346 730 2509 790 have

410 833 572 891 been
598 829 861 890 secured
899 831 968 890 to
995 848 1098 888 me
1123 829 1386 902 foi-ever,
1418 828 1548 888 and
1590 828 1769 890 those
1796 828 1939 888 who
1967 828 2297 910 disregard
2331 830 2511 891 these

411 929 540 991 will
567 929 774 1008 injure
801 927 1196 988 themselves.

1054 1106 1344 1158 ιΑΤΙΝΕ
1413 1107 1883 1160 assumunt.

493 1248 572 1308 X.
663 1245 715 1306 1.
764 1245 938 1319 Quid
978 1245 1197 1308 Cicero
1240 1245 1484 1306 civibus
1531 1245 1987 1324 praescribitl?
2099 1245 2152 1306 2.
2226 1247 2326 1306 Ex
2380 1267 2513 1327 qua

411 1368 480 1408 re
534 1345 735 1426 erepti
777 1348 998 1406 erant?
1082 1343 1138 1406 3.
1213 1344 1544 1418 Quomodo
1582 1345 1900 1406 vicerant?
1983 1343 2043 1406 4.
2109 1345 2289 1419 Quae
2326 1345 2429 1407 lex
2474 1366 2511 1407 a

409 1447 704 1520 Lentulo,
736 1446 1038 1523 Cethego,
1070 1444 1291 1505 Cassio
1319 1444 1664 1505 constituta
1692 1445 1819 1506 fuit
1834 1447 1862 1504 1³

491 1546 607 1606 XI.
721 1545 774 1606 1.
835 1544 1008 1618 Quid
1063 1544 1285 1606 Cicero
1343 1565 1461 1624 pro
1515 1544 1711 1606 tantis
1768 1545 1957 1604 rebus
2014 1545 2336 1624 postulat?
2450 1543 2507 1606 2.

410 1646 584 1720 Quid
637 1645 815 1706 vult?
959 1641 1014 1705 3.
1089 1645 1270 1718 Quae
1337 1644 1466 1704 duo
1507 1644 1694 1718 civen,
1737 1645 1852 1724 qui
1920 1663 2049 1704 uno
2104 1646 2387 1723 tempore
2440 1643 2513 1706 in

409 1745 733 1825 republica
774 1743 1168 1818 exstiterunt,
1199 1745 1488 1804 fecerunt
1501 1747 1528 1803 ἲ

491 1845 643 1906 XII.
735 1844 787 1906 1.
849 1846 982 1906 Gur
1034 1846 1292 1905 fortuna
1347 1844 1669 1904 Ciceronis
1726 1847 1861 1905 erat
1902 1863 2032 1904 non
2080 1843 2300 1904 eadem
2342 1863 2516 1924 quae

408 1947 679 2019 illorum,
710 1947 823 2025 qui
851 1947 1108 2005 externa
1133 1945 1303 2004 bella
1337 1946 1717 2026 gesserunt?
1808 1942 1861 2004 2.
1910 1943 2037 2018 Qui
2064 1944 2132 2003 in
2158 1964 2232 2004 eo
2260 1943 2515 2006 animus

409 2047 575 2108 suit?
687 2043 741 2104 3.
824 2045 1013 2119 Quid,
1070 2044 1371 2124 quoniam
1424 2064 1551 2104 nox
1605 2044 1750 2118 tuit,
1806 2044 2049 2104 civibus
2102 2044 2461 2104 mandavit²
2486 2047 2532 2114 P,

408 2145 466 2207 4.
513 2145 686 2221 Quid
713 2144 1032 2225 pollicitus
1061 2145 1191 2207 est³
1214 2147 1240 2205 1³

543 2324 742 2388 ¹en2'oin
763 2342 924 2389 upon.
1313 2323 1635 2376 ²commana.
2068 2321 2334 2387 ⁸promieo.
