2866 4302
390 307 477 371 36
1207 325 1282 371 IN
1325 324 1655 372 LATINUM.

384 501 653 558 because
680 499 717 557 1
744 499 874 558 had
902 499 1082 558 freed
1108 499 1218 558 the
1246 499 1528 577 republic
1566 500 1730 559 from
1771 518 1922 577 very
1965 503 2145 579 great
2188 501 2483 580 dangers,

385 599 526 657 that
554 599 764 676 praise
792 598 1018 658 should
1049 601 1127 657 be
1155 600 1474 659 bestowed
1494 618 1666 677 upon
1688 619 1794 676 my
1815 599 2141 678 colleague
2163 601 2292 660 and
2311 620 2486 679 upon

383 699 566 758 those
606 699 796 757 brave
838 698 966 757 and
1007 698 1270 758 faithful
1312 718 1476 773 men,
1530 698 1769 758 Lucius
1809 699 2077 759 Flaccus
2120 700 2250 760 and
2290 700 2486 759 Caius

385 797 782 874 Pomptinae,
810 798 920 857 the
949 803 1260 875 praetors3
1304 798 1432 857 and
1458 797 1600 858 that
1627 798 1942 857 Lentulus
1972 799 2101 857 and
2125 801 2236 858 the
2264 800 2476 858 other1

384 897 808 975 conspirators
837 889 1069 957 should
1095 899 1174 956 be
1202 896 1390 975 given
1417 897 1553 957 into
1581 898 1861 976 custody.
1938 898 2074 962 The
2096 902 2309 958 senate
2330 899 2483 958 like-

384 996 534 1054 wise
562 996 833 1055 decreed
875 1014 911 1055 a
952 996 1407 1076 thanksgiving
1448 999 1515 1056 to
1557 997 1668 1056 the
1709 996 2024 1056 immortal
2067 998 2227 1077 gods
2269 997 2338 1056 in
2378 1017 2489 1075 my

383 1114 568 1154 name
595 1097 862 1155 because
888 1097 976 1172 by
1003 1115 1110 1174 my
1138 1096 1328 1169 valor,
1371 1095 1633 1156 wisdom
1677 1097 1805 1156 and
1844 1098 2163 1175 prudence
2204 1098 2315 1155 the
2357 1099 2489 1174 city

383 1194 513 1255 had
579 1196 741 1256 been
811 1196 992 1254 freed
1048 1196 1214 1255 from
1270 1195 1745 1303 conflagration‚
1804 1196 1914 1255 the
1984 1195 2245 1256 citizens
2320 1197 2489 1255 from

382 1295 728 1374 slaughter,
762 1295 890 1354 and
917 1295 1089 1372 Italy
1119 1295 1282 1355 from
1310 1315 1451 1355 war

1034 1456 1320 1508 LATmE
1375 1456 1847 1508 ΒΕΒΡΟΝΟΕ.

464 1578 575 1637 IV.
667 1577 720 1638 1.
769 1579 948 1650 Quae
987 1597 1087 1637 res
1131 1597 1168 1637 a
1211 1578 1487 1637 Lentulo
1544 1578 1856 1637 Catilinae
1905 1578 2239 1637 mandatae
2293 1579 2488 1637 sunt?

384 1675 438 1737 2.
487 1677 659 1750 Quid
687 1678 892 1737 Gallis
922 1697 959 1737 a
987 1678 1059 1737 L.
1094 1677 1312 1737 Cassio
1334 1678 1793 1755 praescriptum
1813 1680 1952 1736 est?
2022 1675 2076 1736 3.
2126 1676 2298 1749 Quid
2317 1678 2482 1736 Len-

383 1777 556 1836 tulus
576 1778 658 1836 de
687 1797 755 1836 se
785 1777 1005 1837 Gallos
1033 1777 1468 1838 confirmavit?
1551 1775 1606 1848 4.
1656 1777 1787 1836 Cur
1830 1776 2114 1855 Cethego
2156 1796 2301 1836 cum
2345 1776 2486 1836 aliis

383 1876 805 1937 controversia
834 1878 1000 1937 fuit?

463 1977 535 2036 V.
629 1975 682 2035 1.
747 1976 920 2048 Quid
973 1926 1252 2035 recitatis
1308 1975 1535 2036 litteris
1583 1977 1663 2035 de
1714 1975 1998 2054 Cethego
2040 1975 2317 2036 dicitur?
2428 1974 2480 2034 2.

384 2077 556 2148 Quid
582 2077 896 2137 Lentulus
924 2095 961 2135 a
991 2075 1195 2136 Gallis
1223 2076 1578 2156 quaesivit?
1650 2073 1702 2134 3.
1752 2075 1929 2146 Quae
1951 2095 2051 2134 res
2074 2094 2218 2134 eum
2241 2076 2484 2134 defece·

382 2179 573 2237 runt?
658 2176 713 2235 4.
762 2176 940 2249 Quae
997 2196 1098 2235 res
1153 2177 1443 2236 Ciceroni
1491 2176 1840 2236 certissima
1883 2177 2257 2253 argumenta
2296 2179 2487 2253 atque

382 2276 618 2342 indicia
645 2275 895 2335 sceleris
924 2277 1094 2336 visae
1124 2279 1314 2335 sunt?

466 2376 577 2435 VI.
671 2374 723 2435 1.
799 2376 929 2435 Cur
997 2379 1252 2435 senatus
1322 2379 1395 2434 ut
1466 2376 1551 2435 M.
1629 2375 1935 2453 Ceparius
2004 2375 2073 2433 in
2136 2373 2489 2434 custodiam

384 2476 740 2535 traderetur
795 2476 1110 2535 decrevit?
1206 2474 1258 2534 2.
1307 2476 1438 2535 Cur
1492 2475 1662 2535 idem
1716 2474 1837 2534 hoc
1894 2474 2218 2533 decretum
2268 2477 2365 2533 est
2421 2474 2489 2533 in

386 2574 458 2648 Q.
500 2574 780 2635 Annium
818 2576 1192 2635 Chilonem?
1276 2572 1330 2633 3.
1381 2575 1513 2634 Cur
1556 2577 1813 2633 senatus
1853 2573 2116 2633 lenitate
2157 2592 2311 2632 usus
2350 2576 2486 2632 est?

383 2671 442 2733 4.
489 2674 663 2747 Quid
700 2674 963 2734 interest
1004 2674 1058 2734 si
1100 2655 1256 2735 haec
1294 2674 1674 2753 supplicatio
1716 2692 1861 2733 cum
1902 2672 2129 2733 ceteris
2171 2671 2483 2751 supplica-

384 2773 664 2835 tionibus
692 2776 1093 2834 conferatur?

521 2935 798 2999 ¹reliqu1.
