2866 4302
1002 387 1078 434 IN
1109 385 1833 434 CATILINAM—ORATIO
1867 387 1939 433 11.
2434 368 2519 433 21

420 564 576 640 they
603 582 709 622 see
734 561 876 620 that
902 547 1029 640 you
1146 579 1242 620 ow
1269 560 1408 620 that
1440 580 1476 620 a
1504 560 1873 639 conspiracy
1914 561 2031 620 has
2072 561 2233 620 been
2277 560 2524 636 formed

421 662 678 742 against
703 658 814 721 the
841 662 1042 740 repub
1094 679 1144 735 c,
1170 661 1206 719 Ι
1236 660 1446 720 would
1476 661 1615 720 that
1642 660 1793 738 they
1816 660 2026 720 would
2046 680 2129 740 go
2150 663 2286 720 out!
2330 676 2343 721 ι
2373 656 2522 720 But-‚²

422 763 477 821 if
503 762 656 840 they
681 761 921 821 remain
948 760 1119 833 here,
1165 761 1294 820 and
1335 761 1417 820 do
1459 763 1571 820 not
1614 761 1839 839 depart
1878 764 1947 819 to
1988 761 2263 821 Catiline
2289 760 2418 820 and
2458 763 2521 818 to

420 861 604 924 those
650 861 855 921 whom
903 861 1150 920 he«·has
1200 859 1409 920 added
1457 864 1525 920 to
1572 860 1703 918 this
1747 859 2092 920 incredible
2136 859 2526 939 compactos
2586 867 2591 871 ’
2633 858 2646 868 ’

421 962 634 1034 crime,
684 961 836 1038 they
885 947 1050 1019 sfian
1097 960 1280 1019 know
1329 961 1470 1019 that
1519 960 1698 1019 there
1742 959 1797 1019 is
1839 979 1922 1020 no
1966 960 2189 1040 longer
2217 960 2396 1038 place
2426 960 2525 1019 for

421 1060 762 1138 lenie'ncy„

1064 1165 1354 1257 Larius
1423 1205 1750 1278 nasson
1768 1206 1894 1258 οε.

499 1328 559 1386 -Ι,
653 1325 705 1385 1.
752 1327 879 1386 Ubi
909 1325 1184 1387 Catilina
1212 1327 1350 1386 loco
1377 1331 1587 1386 motus
1615 1331 1753 1387 est?
1840 1325 1891 1385 2.
1941 1326 2066 1387 Ubi
2096 1345 2243 1386 eum
2281 1326 2521 1404 magni·

423 1427 542 1485 fice
561 1426 824 1486 vicimus
839 1429 868 1485 ’.Ρ
932 1424 984 1485 3.
1017 1426 1165 1508 7(3111·
1187 1426 1295 1485 ille
1316 1445 1599 1486 maerore
1619 1429 1716 1485 est
1740 1425 2005 1486 afflictus
2028 1429 2091 1486 et
2112 1425 2525 1504 profligatus?

424 1523 481 1586 4.
530 1527 660 1587 Cur
686 1527 838 1586 urbs
865 1525 1090 1585 laetari
1121 1526 1407 1586 Ciceroni
1436 1525 1808 1586 videbatur?

508 1627 596 1685 II.
689 1625 742 1686 1.
791 1625 970 1698 Quae
991 1645 1092 1685 res
1114 1624 1455 1684 Catilinam
1483 1627 1885 1685 interfectum
1913 1646 2050 1685 esse
2076 1626 2525 1704 postulabam?

425 1724 482 1785 2.
531 1725 601 1784 Si
631 1725 848 1785 Cicero
877 1726 1236 1799 iudicasset,
1269 1724 1546 1785 Catilina
1574 1727 1839 1797 sublata,
1871 1745 2055 1785 omne
2095 1725 2446 1804 periculum
2488 1743 2525 1782 a

426 1826 732 1885 Romanis
774 1825 1026 1903 depelli,
1072 1824 1232 1904 quid
1273 1824 1573 1884 fecisset?
1656 1824 1709 1884 3.
1760 1825 1890 1885 Cur
1928 1826 2147 1885 Cicero
2186 1824 2526 1884 Catilinam

424 1945 568 1986 esse
603 1925 958 1984 timendum
995 1924 1287 2002 putavit?
1397 1922 1453 1984 4.
1505 1925 1678 1997 Quos
1721 1924 1996 1985 Catilina
2028 1908 2240 1984 secum
2270 1924 2485 1983 eduxit
2501 1926 2528 1982 ?

510 2025 634 2084 III.
727 2023 780 2083 1.
828 2025 927 2083 Ex
957 2011 1204 2103 quibus‘
1220 2024 1533 2084 Catilinae
1564 2025 1872 2084 exercitus
1900 2025 2201 2084 collectus
2222 2025 2397 2082 erat?
2468 2021 2521 2081 2.

427 2124 638 2199 Quare
667 2124 888 2185 Cicero
916 2124 1170 2203 putavit
1193 2119 1574 2185 coniuratos²
1602 2125 1669 2187 in
1697 2125 1854 2186 urbe
1882 2145 2021 2185 esse
2048 2125 2403 2185 timendos?
2446 2120 2521 2191 3.

427 2226 604 2299 Quos
633 2225 853 2285 Cicero
881 2224 1085 2284 vidit?

512 2326 621 2384 IV.
715 2324 767 2383 1.
817 2323 987 2396 Quid
1017 2324 1235 2383 Cicero
1263 2327 1360 2383 est
1390 2327 1758 2384 assecutus?
1844 2323 1899 2384 2.
1949 2326 2119 2398 Quid
2146 2343 2346 2384 unum
2383 2344 2524 2383 con-

426 2425 658 2485 cessit?
744 2422 797 2483 3.
848 2424 1016 2496 Quid
1047 2423 1322 2483 Catilina
1348 2421 1695 2484 nonnullis³
1724 2425 2181 2504 pollicebatur?
2266 2422 2321 2482 4.
2357 2423 2529 2495 Quos

428 2525 811 2603 collegerat?
894 2522 1080 2582 Unde
1097 2525 1123 2580 ἱ)

565 2686 786 2747 ¹quod.
1538 2684 1612 2736 8ιο
1633 2692 1850 2737 various
1868 2704 2108 2751 persons.

565 2768 980 2832 ²G'onspirator8.
1143 2768 1156 2779 ⁶
